%% This BibTeX bibliography file was created using BibDesk.
%% http://bibdesk.sourceforge.net/


%% Created for Kennedy Espina at 2016-06-08 14:18:23 +0800 

%djwnjnwejndjwe

%% Saved with string encoding Unicode (UTF-8) 
@article{ben2001support,
  title={Support vector clustering},
  author={Ben-Hur, Asa and Horn, David and Siegelmann, Hava T and Vapnik, Vladimir},
  journal={Journal of machine learning research},
  volume={2},
  number={Dec},
  pages={125--137},
  year={2001}
}
@inproceedings{blei2002latent,
  title={Latent dirichlet allocation},
  author={Blei, David M and Ng, Andrew Y and Jordan, Michael I},
  booktitle={Advances in neural information processing systems},
  pages={601--608},
  year={2002}
}
@misc{doh2014manual,
  title={Manual of Procedures for the Philippine Integrated Disease Surveillance and Response},
  author={Epidemiology Bureau},
  edition={3rd Edition},
  year={2014},
  publisher={Manila: Department of Health}
}
@misc{fassster,
  title={What is FASSSTER?}, 
  url={http://fassster.ehealth.ph/}, 
  journal={FASSSTER}, 
  publisher={AJWCC}
}
@article{kaiser2006different,
  title={Different approaches to gathering epidemic intelligence in Europe},
  author={Kaiser, R and Coulombier, D},
  journal={Euro Surveill},
  volume={11},
  number={4},
  pages={E060427},
  year={2006}
}
@article{keller2009use,
  title={Use of unstructured event-based reports for global infectious disease surveillance},
  author={Keller, Mikaela and Blench, Michael and Tolentino, Herman and Freifeld, Clark C and Mandl, Kenneth D and Mawudeku, Abla and Eysenbach, Gunther and Brownstein, John S},
  journal={Emerging infectious diseases},
  volume={15},
  number={5},
  pages={689},
  year={2009},
  publisher={Centers for Disease Control and Prevention}
}
@article{mandl2004implementing,
  title={Implementing syndromic surveillance: a practical guide informed by the early experience},
  author={Mandl, Kenneth D and Overhage, J Marc and Wagner, Michael M and Lober, William B and Sebastiani, Paola and Mostashari, Farzad and Pavlin, Julie A and Gesteland, Per H and Treadwell, Tracee and Koski, Eileen and others},
  journal={Journal of the American Medical Informatics Association},
  volume={11},
  number={2},
  pages={141--150},
  year={2004},
  publisher={BMJ Group BMA House, Tavistock Square, London, WC1H 9JR}
}
@article{nisafani2017eliciting,
  title={ELICITING DATA FROM WEBSITE USING SCRAPY: AN EXAMPLE},
  author={Nisafani, Amna Shifia and Hendrawan, Rully Agus and Wibisono, Arif},
  journal={SEMNASTEKNOMEDIA ONLINE},
  volume={5},
  number={1},
  pages={2--1},
  year={2017}
}
@article{penman2009web,
  title={Web scraping made simple with sitescraper},
  author={Penman, Richard Baron and Baldwin, Timothy and Martinez, David},
  year={2009},
  publisher={Citeseer}
}
@article{rohart2016disease,
  title={Disease surveillance based on Internet-based linear models: an Australian case study of previously unmodeled infection diseases},
  author={Rohart, Florian and Milinovich, Gabriel J and Avril, Simon MR and L{\^e} Cao, Kim-Anh and Tong, Shilu and Hu, Wenbiao},
  journal={Scientific reports},
  volume={6},
  year={2016},
  publisher={Nature Publishing Group}
}
@article{tong2001support,
  title={Support vector machine active learning with applications to text classification},
  author={Tong, Simon and Koller, Daphne},
  journal={Journal of machine learning research},
  volume={2},
  number={Nov},
  pages={45--66},
  year={2001}
}
@article{velasco2014social,
  title={Social media and internet-based data in global systems for public health surveillance: a systematic review},
  author={Velasco, Edward and Agheneza, Tumacha and Denecke, Kerstin and Kirchner, Goeran and Eckmanns, Tim},
  journal={Milbank Quarterly},
  volume={92},
  number={1},
  pages={7--33},
  year={2014},
  publisher={Wiley Online Library}
}
@article{espina2016towards,
  title={Towards an Infodemiological Algorithm for Classification of Filipino Health Tweets},
  author={Espina, Kennedy and Estuar, Ma Regina Justina and Ix, Delfin Jay Sabido and Lara, Raymond Josef Edward and de los Reyes, Vikki Carr},
  journal={Procedia Computer Science},
  volume={100},
  pages={686--692},
  year={2016},
  publisher={Elsevier}
}
@article{lazarus2001using,
  title={Using automated medical records for rapid identification of illness syndromes (syndromic surveillance): the example of lower respiratory infection},
  author={Lazarus, Ross and Kleinman, Ken P and Dashevsky, Inna and DeMaria, Alfred and Platt, Richard},
  journal={BMC public health},
  volume={1},
  number={1},
  pages={9},
  year={2001},
  publisher={BioMed Central}
}
@article{woodall1997official,
  title={Official versus unofficial outbreak reporting through the Internet},
  author={Woodall, J},
  journal={International journal of medical informatics},
  volume={47},
  number={1},
  pages={31--34},
  year={1997},
  publisher={Elsevier}
}
@misc{worldtechnical,
  title={WHO Technical consultation on event-based surveillance},
  author={World Health Organization},
  year={2013}
}
@article{hartley2010landscape,
  title={The landscape of international event-based biosurveillance},
  author={Hartley, David M and Nelson, Noele P and Walters, Ronald and Arthur, Ray and Yangarber, Roman and Madoff, Larry and Linge, Jens and Mawudeku, Abla and Collier, Nigel and Brownstein, John and others},
  journal={Emerg Health Threats J},
  volume={3},
  pages={e3},
  year={2010}
}
@misc{doh2014ehealth,
	title={Philippines eHealth Strategic Framework and Plan 2014-2020},
    author={Department of Health},
    year={2014}
}
@article{chunara2012new,
  title={New technologies for reporting real-time emergent infections},
  author={Chunara, Rumi and Freifeld, Clark C and Brownstein, John S},
  journal={Parasitology},
  volume={139},
  number={14},
  pages={1843--1851},
  year={2012},
  publisher={Cambridge Univ Press}
}
@article{choi2016web,
  title={Web-based infectious disease surveillance systems and public health perspectives: a systematic review},
  author={Choi, Jihye and Cho, Youngtae and Shim, Eunyoung and Woo, Hyekyung},
  journal={BMC public health},
  volume={16},
  number={1},
  pages={1238},
  year={2016},
  publisher={BioMed Central}
}
@article{wilson2009early,
  title={Early detection of disease outbreaks using the Internet},
  author={Wilson, Kumanan and Brownstein, John S},
  journal={Canadian Medical Association Journal},
  volume={180},
  number={8},
  pages={829--831},
  year={2009},
  publisher={Can Med Assoc}
}
@book{munzert2014automated,
  title={Automated data collection with R: A practical guide to web scraping and text mining},
  author={Munzert, Simon and Rubba, Christian and Mei{\ss}ner, Peter and Nyhuis, Dominic},
  year={2014},
  publisher={John Wiley \& Sons}
}
@inproceedings{soderland1997learning,
  title={Learning to Extract Text-Based Information from the World Wide Web.},
  author={Soderland, Stephen},
  booktitle={KDD},
  volume={97},
  pages={251--254},
  year={1997}
}
@article{paul2012model,
  title={A model for mining public health topics from Twitter},
  author={Paul, Michael J and Dredze, Mark},
  journal={Health},
  volume={11},
  pages={16--6},
  year={2012}
}
@inproceedings{lampos2010tracking,
  title={Tracking the flu pandemic by monitoring the social web},
  author={Lampos, Vasileios and Cristianini, Nello},
  booktitle={Cognitive Information Processing (CIP), 2010 2nd International Workshop on},
  pages={411--416},
  year={2010},
  organization={IEEE}
}
@article{boulos2011crowdsourcing,
  title={Crowdsourcing, citizen sensing and sensor web technologies for public and environmental health surveillance and crisis management: trends, OGC standards and application examples},
  author={Boulos, Maged N Kamel and Resch, Bernd and Crowley, David N and Breslin, John G and Sohn, Gunho and Burtner, Russ and Pike, William A and Jezierski, Eduardo and Chuang, Kuo-Yu Slayer},
  journal={International journal of health geographics},
  volume={10},
  number={1},
  pages={67},
  year={2011},
  publisher={BioMed Central}
}
@article{heymann2001hot,
  title={Hot spots in a wired world: WHO surveillance of emerging and re-emerging infectious diseases},
  author={Heymann, David L and Rodier, Gu{\'e}na{\"e}l R and others},
  journal={The Lancet infectious diseases},
  volume={1},
  number={5},
  pages={345--353},
  year={2001},
  publisher={Elsevier}
}
@article{madoff2005internet,
  title={The internet and the global monitoring of emerging diseases: lessons from the first 10 years of ProMED-mail},
  author={Madoff, Lawrence C and Woodall, John P},
  journal={Archives of medical research},
  volume={36},
  number={6},
  pages={724--730},
  year={2005},
  publisher={Elsevier}
}
@article{morse2007global,
  title={Global infectious disease surveillance and health intelligence},
  author={Morse, Stephen S},
  journal={Health Affairs},
  volume={26},
  number={4},
  pages={1069--1077},
  year={2007},
  publisher={Health Affairs}
}
@article{chan2010global,
  title={Global capacity for emerging infectious disease detection},
  author={Chan, Emily H and Brewer, Timothy F and Madoff, Lawrence C and Pollack, Marjorie P and Sonricker, Amy L and Keller, Mikaela and Freifeld, Clark C and Blench, Michael and Mawudeku, Abla and Brownstein, John S},
  journal={Proceedings of the National Academy of Sciences},
  volume={107},
  number={50},
  pages={21701--21706},
  year={2010},
  publisher={National Acad Sciences}
}
@article{brownstein2009digital,
  title={Digital disease detectionâ€”harnessing the Web for public health surveillance},
  author={Brownstein, John S and Freifeld, Clark C and Madoff, Lawrence C},
  journal={New England Journal of Medicine},
  volume={360},
  number={21},
  pages={2153--2157},
  year={2009},
  publisher={Mass Medical Soc}
}
@article{vargiu2012exploiting,
  title={Exploiting web scraping in a collaborative filtering-based approach to web advertising},
  author={Vargiu, Eloisa and Urru, Mirko},
  journal={Artificial Intelligence Research},
  volume={2},
  number={1},
  pages={44},
  year={2012}
}
@book{mitchell2015web,
  title={Web scraping with Python: collecting data from the modern web},
  author={Mitchell, Ryan},
  year={2015},
  publisher={" O'Reilly Media, Inc."}
}
@inproceedings{crescenzi2001roadrunner,
  title={Roadrunner: Towards automatic data extraction from large web sites},
  author={Crescenzi, Valter and Mecca, Giansalvatore and Merialdo, Paolo and others},
  booktitle={VLDB},
  volume={1},
  pages={109--118},
  year={2001}
}
@misc{alexa,
  title={The top 500 sites on the web},
  url={http://www.alexa.com/topsites/category/Top/Regional/Asia/Philippines},
  journal={Alexa - Top Sites by Category: Regional/Asia/Philippines}
}
@article{blei2012probabilistic,
  title={Probabilistic topic models},
  author={Blei, David M},
  journal={Communications of the ACM},
  volume={55},
  number={4},
  pages={77--84},
  year={2012},
  publisher={ACM}
}
@book{aggarwal2014data,
  title={Data classification: algorithms and applications},
  author={Aggarwal, Charu C},
  year={2014},
  publisher={CRC Press}
}
@book{lawson2005spatial,
  title={Spatial and syndromic surveillance for public health},
  author={Lawson, Andrew B and Kleinman, Ken},
  year={2005},
  publisher={John Wiley \& Sons}
}
@book{oakland2007statistical,
  title={Statistical process control},
  author={Oakland, John S},
  year={2007},
  publisher={Routledge}
}
@article{fricker2008comparing,
  title={Comparing syndromic surveillance detection methods: EARS'versus a CUSUM-based methodology},
  author={Fricker, Ronald D and Hegler, Benjamin L and Dunfee, David A},
  journal={Statistics in Medicine},
  volume={27},
  number={17},
  pages={3407--3429},
  year={2008},
  publisher={Wiley Online Library}
}
@inproceedings{edlund2010spatiotemporal,
  title={The spatiotemporal epidemiological modeler},
  author={Edlund, Stefan B and Davis, Matthew A and Kaufman, James H},
  booktitle={Proceedings of the 1st ACM International Health Informatics Symposium},
  pages={817--820},
  year={2010},
  organization={ACM}
}
@book{anderson1992infectious,
  title={Infectious diseases of humans: dynamics and control},
  author={Anderson, Roy M and May, Robert M and Anderson, B},
  volume={28},
  year={1992},
  publisher={Wiley Online Library}
}



@article{paquet2005epidemic,
  title={Epidemic intelligence: a new framework for strengthening disease surveillance in Europe},
  author={Paquet, C and Coulombier, D and Kaiser, R and Ciotti, M},
  journal={Eurosurveillance: European communicable disease bulletin},
  volume={11},
  number={12},
  pages={212--214},
  year={2005}
}
@article{barboza2013evaluation,
  title={Evaluation of epidemic intelligence systems integrated in the early alerting and reporting project for the detection of A/H5N1 influenza events},
  author={Barboza, Philippe and Vaillant, Laetitia and Mawudeku, Abla and Nelson, Noele P and Hartley, David M and Madoff, Lawrence C and Linge, Jens P and Collier, Nigel and Brownstein, John S and Yangarber, Roman and others},
  journal={PLoS One},
  volume={8},
  number={3},
  pages={e57252},
  year={2013},
  publisher={Public Library of Science}
}